%books

@book{NixonAguado08,
  title = "Feature Extraction \& Image Processing",
  author =  "Mark Nixon and Alberto Aguado",
  publisher = "Academic Press",
  year =  2008,
  edition = "2nd"
}

@book{MVTec08,
  author = "Carsten Steger and Markus Urlich and Christian Wiedemann",
  title= "Machine Vision Algorithms and Applications",
  publisher = "WILEY-VCH",
  year = 2008
  }

@book{Jahne05,
   author = "Bernd J{\"a}hne",
   title= "Digital Image Processing",
   publisher = "Springer",
   year = 2005,
   edition = "6th"
}

@book{Szeliski10,
   author = "Richard Szeliski",
   title= "Computer Vision: Algorithms and Applications",
   publisher = "Springer",
   year = 2010,
   edition = "1st"
}

@book{JainKasturi95,
   author = "Ramesh Jain and Rangachar Kasturi and Brian Schunck",
   title= "Machine Vision",
   publisher = "MIT Press and McGraw-Hill",
   year = 1995,
   edition = "1st"
}

@book{Soille03,
  author  = {Pierre Soille},
  title   = {Morphological Image Analysis: Principles and Applications},
  edition = {2nd},
  publisher = {Springer-Verlag},
  year    = {2003}
}

@book{Haralick92,
  author =  "R. M. Haralick and L. G. Shapiro",
  title = "Computer and Robot Vision",
  year =  "1992",
  publisher = "Addison-Wesley",
  volume =  "1",
}

@book{Cormen01,
  author = {Thomas Cormen and Charles Leiserson and Ronald Rivest and Clifford Stein},
  edition = 2,
  publisher = {The MIT Press},
  title = {Introduction to Algorithms},
  year = 2001
}

%Thresholding papers

@article{SezginSankur04,
  title = "Survey over image thresholding techniques and quantitative performance evaluation",
  author =  "Mehmet Sezgin and B{\"u}lent Sankur",
  journal = "J. Electronic Imaging",
  year =  "2004",
  number =  "1",
  volume =  "13",
  bibdate = "2010-07-13",
  pages = "146--168"
}

@article{PrewittMendelsohn66,
  author =  "Judith Prewitt and Mortimer Mendelsohn",
  title = "The Analysis of Cell Images",
  journal = "Annals of the New York Academy of Sciences",
  volume =  "128",
  year =  "1966",
  pages = "1035--1053"
}

@article{RosenfeldTorre83,
  author =  "Azriel Rosenfeld and Pilar De la Torre",
  title = "Histogram Concavity Analysis as an Aid in Threshold Selection",
  journal = "IEEE Trans. Systems, Man and Cybernetics",
  volume =  "13",
  year =  "1983",
  number =  "3",
  pages = "231--235"
}

@article{RidlerCalvard78,
  author =  "T. W. Ridler and S. Calvard",
  title = "Picture Thresholding Using an Iterative Selection Method",
  journal = "{IEEE} Transactions on Systems, Man and Cybernetics",
  year =  "1978",
  volume =  "SMC-8",
  number =  "8",
  pages = "630--632"
}

@article{Otsu79,
  author =  "N. Otsu",
  title = "A threshold selection method from gray level histograms",
  journal = "{IEEE} Trans. Systems, Man and Cybernetics",
  year =  "1979",
  volume =  "9",
  pages = "62--66"
}

@article{KapurSahooWong85,
  author =  "J. N. Kapur and P. K. Sahoo and A. K. C. Wong",
  title = "A new method for gray-level picture thresholding using the entropy of the histogram",
  journal = "Computer Vision, Graphics, and Image Processing",
  year =  "1985",
  volume =  "29",
  pages = "273--285"
}

%Blob Analysis papers

@article{Rosenfeld70,
  author =  "Azriel Rosenfeld",
  title = "Connectivity in digital pictures",
  journal = "Journal of the ACM",
  year =  "1970",
  volume =  "17",
  number =  "1",
  pages = "146--160",
}

%Edge detection papers

@article{Schmitt38,
    author = "Otto Schmitt",
    journal = "Journal of Scientific Instruments",
    title = "A thermionic trigger",
    year = "1938"
}

@article{Canny86,
  author = "John Canny",
  title = "A Computational Approach to Edge Detection",
    journal   = "IEEE Transactions on Pattern Analysis and Machine Intelligence",
    volume   = "PAMI-8",
    number   = "6",
    pages    = "679-698",
    year      = "1986"
}

@inproceedings{Subirana-VilanovaSung93,
  author    = {J. Brian Subirana-Vilanova and
               Kah Kay Sung},
  title     = {Ridge-detection for the perceptual organization without
               edges},
  booktitle = {Fourth International Conference on Computer Vision},
  year      = {1993},
  pages     = {57-64}
}

%Contour Analysis papers

@article{Ramer72,
  author =  "U. Ramer",
  title = "An Iterative Procedure for the Polygonal Approximation of Plane Curves",
  journal = "Computer Graphics and Image Processing",
  volume =  "1",
  year =  "1972",
  pages = "244--256",
}

@article{Turkowski97,
  author =  "Ken Turkowski",
  title = "Computing 2D Polygon Moments Using Green's Theorem",
  journal = "Apple Technical Report",
  year =  "1997",
}

@article{Andrew79,
  author =  "A. M. Andrew",
  title = "Another efficient algorithm for convex hulls in two dimensions",
  pages = "216--219",
  journal = "Information Processing Letters",
  year =  "1979",
}

@inproceedings{Welzl91,
  author =  "Emo Welzl",
  title = "Smallest Enclosing Disks (Balls and Ellipsoids)",
  pages = "359--370",
  editor =  "Hermann Maurer",
  booktitle = "Proceedings of New Results and New Trends in Computer Science",
  volume =  "555",
  publisher = "Springer",
  address = "Berlin, Germany",
  year =  "1991",
}

@misc{Toussaint83,
    author = {Godfried Toussaint},
    title = {Solving geometric problems with the rotating calipers},
    year = {1983}
}

%Shape Fitting papers

@article{FischlerBolles81,
  author =  "Martin Fischler and Robert Bolles",
  title = "Random sample consensus: a paradigm for model fitting with applications to image analysis and automated cartography",
  journal = "Communications of the ACM",
  volume =  "24",
  number =  "6",
  pages = "381--395",
  year =  "1981",
}

@book{Chernov10,
   author = "Nikolai Chernov ",
   title= "Circular and Linear Regression: Fitting Circles and Lines by Least Squares ",
   year = 2010,
   edition = "1st",
}



%Template matching papers

@article{Tanimoto81,
	author = "Steven Tanimoto",
	title = "Template matching in pyramids",
    journal   = "Computer Graphics and Image Processing",
    volume   = "16",
    number   = "4",
    pages    = "356-369",
    year      = "1981"
}

@article{Borgefors88,
  author =  "G. Borgefors",
  title = "Hierarchical Chamfer Matching: a Parametric Edge Matching Algorithm",
  year =  "1988",
  journal = "IEEE Transactions on Pattern Analysis and Machine Intelligence",
  volume =  "10",
  institution =  "FOA",
  pages = "849--865",
}

@inproceedings{Steger02,
  author =  "Carsten Steger",
  title = "Occlusion, Clutter, and Illumination Invariant Object Recognition",
  booktitle = "Photogrammetric Computer Vision",
  year =  "2002",
}

@inproceedings{Rucklidge95,
  author =  "W. J. Rucklidge",
  title = "Locating Objects Using the Hausdorff Distance",
  booktitle = "ICCV",
  year =  "1995",
  pages = "457--464",
}

@article{Hashimoto92,
  author = {Manabu Hashimoto and Kazuhiko Sumi and Shinjiro Kawato},
  title = {High-speed template matching algorithm using contour information},
  year = {1992},
}

@inproceedings{UlrichSteger02,
  author =  "Markus Ulrich and Carsten Steger",
  title = "Performance Comparison of 2{D} Object Recognition Techniques",
  booktitle = "Photogrammetric Computer Vision",
  year =  "2002"
}

@article{Olson97,
  author =  "C. F. Olson and D. P. Huttenlocher",
  title = "Automatic Target Recognition by Matching Oriented Edge Pixels",
  journal = "IEEE Trans. Image Processing",
  volume =  "6",
  year =  "1997",
  number =  "1",
  month = jan,
  pages = "103--113",
}